% This file was created with JabRef 2.10b2.
% Encoding: UTF-8

% entires from h


%%%%%%%%%%%%%%%%%%%%%%%%%%%%%%%%%%%%%%%%%%%%%%%%%%%%%%%%%


@proceedings{DBLP:conf/pkc/2006,
  editor         = {Yung, Moti and Dodis, Yevgeniy and Kiayias, Aggelos and Malkin, Tal},
  title          = {Public Key Cryptography - {PKC} 2006, 9th International Conference
                    on Theory and Practice of Public-Key Cryptography, New York, NY, USA,
                    April 24-26, 2006, Proceedings},
  series         = {Lecture Notes in Computer Science},
  volume         = {3958},
  publisher      = {Springer},
  year           = {2006},
  url            = {https://doi.org/10.1007/11745853},
  doi            = {10.1007/11745853},
  isbn           = {3-540-33851-9},
  timestamp      = {Tue, 30 May 2017 16:36:52 +0200},
  biburl         = {https://dblp.org/rec/bib/conf/pkc/2006},
  bibsource      = {dblp computer science bibliography, https://dblp.org}
}

%%%%%%%%%%%%%%%%%%%%%%%%%%%%%%%%%%%%%%%%%%%%%%%%%%%%%%%%%

@proceedings{DBLP:conf/asiacrypt/2014-1,
  editor         = {Sarkar, Palash and Iwata, Tetsu},
  title          = {Advances in Cryptology - {ASIACRYPT} 2014 - 20th International Conference
                    on the Theory and Application of Cryptology and Information Security,
                    Kaoshiung, Taiwan, R.O.C., December 7-11, 2014. Proceedings, Part
                    {I}},
  series         = {Lecture Notes in Computer Science},
  volume         = {8873},
  publisher      = {Springer},
  year           = {2014},
  url            = {https://doi.org/10.1007/978-3-662-45611-8},
  doi            = {10.1007/978-3-662-45611-8},
  isbn           = {978-3-662-45610-1},
  timestamp      = {Tue, 04 Sep 2018 09:35:41 +0200},
  biburl         = {https://dblp.org/rec/bib/conf/asiacrypt/2014-1},
  bibsource      = {dblp computer science bibliography, https://dblp.org}
}

%%%%%%%%%%%%%%%%%%%%%%%%%%%%%%%%%%%%%%%%%%%%%%%%%%%%%%%%%

@inproceedings{DBLP:conf/pkc/BrierJ02,
  author         = {Brier, Eric and Joye, Marc},
  title          = {Weierstra{\ss} Elliptic Curves and Side-Channel Attacks},
  booktitle      = {Public Key Cryptography, 5th International Workshop on Practice and
                    Theory in Public Key Cryptosystems, {PKC} 2002, Paris, France, February
                    12-14, 2002, Proceedings},
  pages          = {335--345},
  year           = {2002},
  crossref       = {DBLP:conf/pkc/2002},
  url            = {https://doi.org/10.1007/3-540-45664-3\_24},
  doi            = {10.1007/3-540-45664-3\_24},
  timestamp      = {Fri, 26 May 2017 14:09:14 +0200},
  biburl         = {https://dblp.org/rec/bib/conf/pkc/BrierJ02},
  bibsource      = {dblp computer science bibliography, https://dblp.org}
}

@proceedings{DBLP:conf/pkc/2002,
  editor         = {Naccache, David and Paillier, Pascal},
  title          = {Public Key Cryptography, 5th International Workshop on Practice and
                    Theory in Public Key Cryptosystems, {PKC} 2002, Paris, France, February
                    12-14, 2002, Proceedings},
  series         = {Lecture Notes in Computer Science},
  volume         = {2274},
  publisher      = {Springer},
  year           = {2002},
  url            = {https://doi.org/10.1007/3-540-45664-3},
  doi            = {10.1007/3-540-45664-3},
  isbn           = {3-540-43168-3},
  timestamp      = {Fri, 26 May 2017 14:09:14 +0200},
  biburl         = {https://dblp.org/rec/bib/conf/pkc/2002},
  bibsource      = {dblp computer science bibliography, https://dblp.org}
}

%%%%%%%%%%%%%%%%%%%%%%%%%%%%%%%%%%%%%%%%%%%%%%%%%%%%%%%%%

@inproceedings{chou15sandy2x,
  author         = {Chou, Tung},
  title          = {Sandy2x: New {Curve25519} Speed Records},
  booktitle      = {Selected Areas in Cryptography - {SAC} 2015 - 22nd International Conference,
                    Sackville, NB, Canada, August 12-14, 2015, Revised Selected Papers},
  pages          = {145--160},
  year           = {2015},
  crossref       = {DBLP:conf/sacrypt/2015},
  url            = {https://doi.org/10.1007/978-3-319-31301-6\_8},
  doi            = {10.1007/978-3-319-31301-6\_8},
  timestamp      = {Sun, 21 May 2017 00:19:13 +0200},
  biburl         = {https://dblp.org/rec/bib/conf/sacrypt/Chou15},
  bibsource      = {dblp computer science bibliography, https://dblp.org}
}

@proceedings{DBLP:conf/sacrypt/2015,
  editor         = {Dunkelman, Orr and Keliher, Liam},
  title          = {Selected Areas in Cryptography - {SAC} 2015 - 22nd International Conference,
                    Sackville, NB, Canada, August 12-14, 2015, Revised Selected Papers},
  series         = {Lecture Notes in Computer Science},
  volume         = {9566},
  publisher      = {Springer},
  year           = {2016},
  url            = {https://doi.org/10.1007/978-3-319-31301-6},
  doi            = {10.1007/978-3-319-31301-6},
  isbn           = {978-3-319-31300-9},
  timestamp      = {Sun, 21 May 2017 00:19:12 +0200},
  biburl         = {https://dblp.org/rec/bib/conf/sacrypt/2015},
  bibsource      = {dblp computer science bibliography, https://dblp.org}
}

%%%%%%%%%%%%%%%%%%%%%%%%%%%%%%%%%%%%%%%%%%%%%%%%%%%%%%%%%

@article{chudnovsky86sequences,
	author       = {Chudnovsky, {David V.} and Chudnovsky, {Gregory V.}},
	title        = {Sequences of numbers generated by addition in formal groups and new primality and factorization tests},
	journal      = {Advances in Applied Mathematics},
	volume       = {7},
	number       = {4},
	pages        = {385--434},
	publisher    = {Academic Press, Inc.},
	address      = {Orlando, FL, USA},
	year         = {1986}
}

%%%%%%%%%%%%%%%%%%%%%%%%%%%%%%%%%%%%%%%%%%%%%%%%%%%%%%%%%

@article{costello18montgomery,
  author         = {Costello, Craig and Smith, Benjamin},
  title          = {Montgomery curves and their arithmetic - {T}he case of large characteristic fields},
  journal        = {J. Cryptographic Engineering},
  volume         = {8},
  number         = {3},
  pages          = {227--240},
  year           = {2018},
  url            = {https://doi.org/10.1007/s13389-017-0157-6},
  doi            = {10.1007/s13389-017-0157-6},
  timestamp      = {Fri, 02 Nov 2018 15:39:05 +0100},
  biburl         = {https://dblp.org/rec/bib/journals/jce/CostelloS18},
  bibsource      = {dblp computer science bibliography, https://dblp.org}
}

%%%%%%%%%%%%%%%%%%%%%%%%%%%%%%%%%%%%%%%%%%%%%%%%%%%%%%%%%

@article{gaudry2007fast,
  author         = {Gaudry, Pierrick},
  title          = {Fast genus 2 arithmetic based on {Theta} functions},
  journal        = {Journal of Mathematical Cryptology {(JMC)}},
  volume         = {1},
  number         = {3},
  pages          = {243--265},
  year           = {2007}
}

%%%%%%%%%%%%%%%%%%%%%%%%%%%%%%%%%%%%%%%%%%%%%%%%%%%%%%%%%

@article{GAUDRY2009246,
  Author         = {Gaudry, Pierrick and Lubicz, David},
  Title          = {The arithmetic of characteristic 2 {K}ummer surfaces and of elliptic {K}ummer lines},
  Journal        = {Finite Fields and Their Applications},
  Year           = {2009},
  Number         = {2},
  Pages          = {246 - 260},
  Volume         = {15},
  Doi            = {https://doi.org/10.1016/j.ffa.2008.12.006},
  ISSN           = {1071-5797},
  Keywords       = {Curve based cryptography, Kummer surfaces, Characteristic 2},
  Url            = {http://www.sciencedirect.com/science/article/pii/S1071579708000804}
}

%%%%%%%%%%%%%%%%%%%%%%%%%%%%%%%%%%%%%%%%%%%%%%%%%%%%%%%%%

@article{GaudrySchost2012,
	author       = {Gaudry, Pierrick and Schost, \'{E}ric},
	title        = {Genus 2 Point Counting over Prime Fields},
	journal      = {J. Symb. Comput.},
	issue_date   = {April, 2012},
	volume       = {47},
	number       = {4},
	year         = {2012},
	issn         = {0747-7171},
	pages        = {368--400},
	numpages     = {33},
	url          = {http://dx.doi.org/10.1016/j.jsc.2011.09.003},
	doi          = {10.1016/j.jsc.2011.09.003},
	acmid        = {2151243},
	publisher    = {Academic Press, Inc.},
	address      = {Duluth, MN, USA},
	keywords     = {Hyperelliptic curves, Point counting, Schoof-Pila algorithm}
}

%%%%%%%%%%%%%%%%%%%%%%%%%%%%%%%%%%%%%%%%%%%%%%%%%%%%%%%%%

@inproceedings{KS16,
  author         = {Karati, Sabyasachi and Sarkar, Palash},
  title          = {Kummer for Genus One over Prime Order Fields},
  booktitle      = {Advances in Cryptology - {ASIACRYPT} 2017 - 23rd International Conference
                    on the Theory and Applications of Cryptology and Information Security,
                    Hong Kong, China, December 3-7, 2017, Proceedings, Part {II}},
  pages          = {3--32},
  year           = {2017},
  crossref       = {DBLP:conf/asiacrypt/2017-2},
  url            = {https://doi.org/10.1007/978-3-319-70697-9\_1},
  doi            = {10.1007/978-3-319-70697-9\_1},
  timestamp      = {Tue, 04 Sep 2018 09:35:41 +0200},
  biburl         = {https://dblp.org/rec/bib/conf/asiacrypt/KaratiS17},
  bibsource      = {dblp computer science bibliography, https://dblp.org}
}


%%%%%%%%%%%%%%%%%%%%%%%%%%%%%%%%%%%%%%%%%%%%%%%%%%%%%%%%%

@ARTICLE{koblitz87ecc,
    issn         = {0025-5718},
    author       = {Neal Koblitz},
    copyright    = {Copyright 1987 American Mathematical Society},
    journal      = {Mathematics of Computation},
    month        = {January},
    number       = {177},
    pages        = {203--209},
    publisher    = {American Mathematical Society},
    title        = {Elliptic Curve Cryptosystems},
    volume       = {48},
    year         = {1987}
}

%%%%%%%%%%%%%%%%%%%%%%%%%%%%%%%%%%%%%%%%%%%%%%%%%%%%%%%%%

@article{lenstra87ecm,
	author       = {Lenstra, {Hendrik W.}},
	title        = {Factoring Integers with Elliptic Curves},
	journal      = {Annals of Mathematics},
	volume       = {126},
	number       = {3},
	pages        = {649--673},
	publisher    = {Annals of Mathematics},
	year         = {1987},
	ISSN         = {0003486X},
	URL          = {http://www.jstor.org/stable/1971363}
}

%%%%%%%%%%%%%%%%%%%%%%%%%%%%%%%%%%%%%%%%%%%%%%%%%%%%%%%%%

@inproceedings{DBLP:conf/ches/LopezD99,
  author    = {L{\'{o}}pez, Julio and Dahab, Ricardo},
  title     = {Fast Multiplication on Elliptic Curves over {GF}(2\({}^{\mbox{m}}\)) without Precomputation},
  booktitle = {Cryptographic Hardware and Embedded Systems, First International Workshop,
               CHES'99, Worcester, MA, USA, August 12-13, 1999, Proceedings},
  pages     = {316--327},
  year      = {1999},
  crossref  = {DBLP:conf/ches/1999},
  url       = {https://doi.org/10.1007/3-540-48059-5\_27},
  doi       = {10.1007/3-540-48059-5\_27},
  timestamp = {Wed, 24 May 2017 15:40:43 +0200},
  biburl    = {https://dblp.org/rec/bib/conf/ches/LopezD99},
  bibsource = {dblp computer science bibliography, https://dblp.org}
}

@proceedings{DBLP:conf/ches/1999,
  editor    = {Ko{\c{c}}, {{\c{C}}etin Kaya} and Paar, Christof},
  title     = {Cryptographic Hardware and Embedded Systems, First International Workshop,
               CHES'99, Worcester, MA, USA, August 12-13, 1999, Proceedings},
  series    = {Lecture Notes in Computer Science},
  volume    = {1717},
  publisher = {Springer},
  year      = {1999},
  url       = {https://doi.org/10.1007/3-540-48059-5},
  doi       = {10.1007/3-540-48059-5},
  isbn      = {3-540-66646-X},
  timestamp = {Wed, 24 May 2017 15:40:43 +0200},
  biburl    = {https://dblp.org/rec/bib/conf/ches/1999},
  bibsource = {dblp computer science bibliography, https://dblp.org}
}

%%%%%%%%%%%%%%%%%%%%%%%%%%%%%%%%%%%%%%%%%%%%%%%%%%%%%%%%%

@inproceedings{miller86ecc,
    author       = {Miller, {Victor S.}},
    title        = {Use of elliptic curves in cryptography},
    booktitle    = {{CRYPTO'85}},
    publisher    = {Springer},
    series       = {LNCS},
    volume       = {218},
    pages        = {417--426},
    year         = {1985}
}

%%%%%%%%%%%%%%%%%%%%%%%%%%%%%%%%%%%%%%%%%%%%%%%%%%%%%%%%%

@article{montgomery,
	Title        = {Speeding the {Pollard} and elliptic curve methods of factorization},
	Author       = {Montgomery, {Peter L.}},
	Journal      = {Mathematics of computation},
	Year         = {1987},
	Number       = {177},
	Pages        = {243--264},
	Volume       = {48}
}

%%%%%%%%%%%%%%%%%%%%%%%%%%%%%%%%%%%%%%%%%%%%%%%%%%%%%%%%%

@inproceedings{oliveira18pladder,
  author         = {Oliveira, Thomaz and
                    L{\'{o}}pez, Julio and
                    H{\i}{\c{s}}{\i}l, H{\"{u}}seyin and
                    Faz{-}Hern{\'{a}}ndez, Armando and
                    Rodr{\'{\i}}guez{-}Henr{\'{\i}}quez, Francisco},
  title          = {How to (Pre\textendash)Compute a Ladder \textendash{} Improving the Performance of {X25519} and {X448}},
  booktitle      = {Selected Areas in Cryptography - {SAC} 2017 - 24th International Conference,
                    Ottawa, ON, Canada, August 16-18, 2017, Revised Selected Papers},
  pages          = {172--191},
  year           = {2017},
  crossref       = {DBLP:conf/sacrypt/2017},
  url            = {https://doi.org/10.1007/978-3-319-72565-9\_9},
  doi            = {10.1007/978-3-319-72565-9\_9},
  timestamp      = {Fri, 02 Nov 2018 09:38:48 +0100},
  biburl         = {https://dblp.org/rec/bib/conf/sacrypt/OliveiraLHFR17},
  bibsource      = {dblp computer science bibliography, https://dblp.org}
}

@proceedings{DBLP:conf/sacrypt/2017,
  editor         = {Adams, Carlisle and Camenisch, Jan},
  title          = {Selected Areas in Cryptography - {SAC} 2017 - 24th International Conference,
                    Ottawa, ON, Canada, August 16-18, 2017, Revised Selected Papers},
  series         = {Lecture Notes in Computer Science},
  volume         = {10719},
  publisher      = {Springer},
  year           = {2018},
  url            = {https://doi.org/10.1007/978-3-319-72565-9},
  doi            = {10.1007/978-3-319-72565-9},
  isbn           = {978-3-319-72564-2},
  timestamp      = {Fri, 12 Jan 2018 11:12:26 +0100},
  biburl         = {https://dblp.org/rec/bib/conf/sacrypt/2017},
  bibsource      = {dblp computer science bibliography, https://dblp.org}
}

%%%%%%%%%%%%%%%%%%%%%%%%%%%%%%%%%%%%%%%%%%%%%%%%%%%%%%%%%

@inproceedings{RS17,
  author         = {Renes, Joost and Smith, Benjamin},
  title          = {q{DSA}: small and secure digital signatures with curve-based {D}iffie-{H}ellman key pairs},
  booktitle      = {Advances in Cryptology - {ASIACRYPT} 2017},
  pages          = {273--302},
  year           = {2017},
  crossref       = {DBLP:conf/asiacrypt/2017-2},
  url            = {https://doi.org/10.1007/978-3-319-70697-9\_10},
  doi            = {10.1007/978-3-319-70697-9\_10},
  timestamp      = {Mon, 26 Feb 2018 13:34:28 +0100},
  biburl         = {https://dblp.org/rec/bib/conf/asiacrypt/RenesS17},
  bibsource      = {dblp computer science bibliography, https://dblp.org}
}

@proceedings{DBLP:conf/asiacrypt/2017-2,
  editor         = {Takagi, Tsuyoshi and Peyrin, Thomas},
  title          = {Advances in Cryptology - {ASIACRYPT} 2017 - 23rd International Conference
                    on the Theory and Applications of Cryptology and Information Security,
                    Hong Kong, China, December 3-7, 2017, Proceedings, Part {II}},
  series         = {Lecture Notes in Computer Science},
  volume         = {10625},
  publisher      = {Springer},
  year           = {2017},
  url            = {https://doi.org/10.1007/978-3-319-70697-9},
  doi            = {10.1007/978-3-319-70697-9},
  isbn           = {978-3-319-70696-2},
  timestamp      = {Wed, 22 Nov 2017 13:46:44 +0100},
  biburl         = {https://dblp.org/rec/bib/conf/asiacrypt/2017-2},
  bibsource      = {dblp computer science bibliography, https://dblp.org}
}

%%%%%%%%%%%%%%%%%%%%%%%%%%%%%%%%%%%%%%%%%%%%%%%%%%%%%%%%%


